@article{Reinforcement_Learning,
  author    = {Huazhe Xu and
               Yuanzhi Li and
               Yuandong Tian and
               Trevor Darrell and
               Tengyu Ma},
  title     = {Algorithmic Framework for Model-based Reinforcement Learning with
               Theoretical Guarantees},
  journal   = {CoRR},
  volume    = {abs/1807.03858},
  year      = {2018},
  url       = {http://arxiv.org/abs/1807.03858},
  archivePrefix = {arXiv},
  eprint    = {1807.03858},
  timestamp = {Mon, 13 Aug 2018 16:46:22 +0200},
  biburl    = {https://dblp.org/rec/journals/corr/abs-1807-03858.bib},
  bibsource = {dblp computer science bibliography, https://dblp.org}
}

@Misc{solving_rl,
  author = "Andrew Ng",
  title = "Reinforcement Learning and Control",
  url = {http://cs229.stanford.edu/notes2020spring/cs229-notes12.pdf},
  year = {2020}
}

@Misc{linearroad_website,
  author = {Mitch Cherniack,
            Eduardo Galvez,
            Anurag S. Maskey,
            Igor Pedan,
            Esther Ryvkina,
            Arvind Arasu,
            David Maier,
            Mike Stonebraker,
            Richard Tibbetts},
  title = {Linear Road},
  url ="https://www.cs.brandeis.edu/~linearroad/index.html",
  year = {2004}
}

@Misc{linearroad_paper,
  author = {Mitch Cherniack,
            Eduardo Galvez,
            Anurag S. Maskey,
            Esther Ryvkina,
            Arvind Arasu,
            David Maier,
            Mike Stonebraker,
            Richard Tibbetts},
  title = {Linear Road: A Stream Data Management Benchmark},
  url ="https://www.cs.brandeis.edu/~linearroad/linear-road.pdf",
  year = {2004}
}


@MISC{linearroad_queries,
url = "http://infolab.stanford.edu/stream/cql-benchmark.html"
}


@MISC{walmart_linearoad,
  author = {Cory Stegemoller,
            Meriah Montondo},
  title = "Linear Road Data Generator",
  year = {2016},
  url = "https://github.com/walmartlabs/LinearGenerator"
}

@MISC{stream_query_optimization,
  author = {Martin Hirzel,
  Robert Soule,
  Bugra Gedik
  },
  title = "Stream Query Optimization",
  year = {2018},
  url = "http://hirzels.com/martin/papers/encyc18-stream-optim.pdf"
}


@MISC{drl,
  author = {Jianqing Fan and
  Zhuoran Yang and
  Yuchen Xie and
  Zhuoran Yang
  },
  title = "A Theoretical Analysis of Deep Q-Learning",
  year = {2020},
  url = "https://arxiv.org/pdf/1901.00137.pdf"
}

@MISC{know_unknown_rewards,
author =       "Benjamin Eysenbach, Jacob Tyo, Shane Gu, Ruslan Salakhutdinov, Zachary Lipton, Sergey Levine",
title =        "Reinforcement learning with unknown reward function",
year =         "2019",
url =          "\url{http://spirl.info/2019/camera-ready/spirl_camera-ready_26.pdf}"
}

@MISC{intermidiate_query,
url = "http://ilpubs.stanford.edu:8090/563/1/2002-57.pdf"
}

@MISC{relationship_algebra_CQL,
url = "http://hirzels.com/martin/papers/encyc18-cont-queries.pdf"
}

